<?xml version="1.0" encoding="UTF-8"?><record xmlns="http://www.loc.gov/MARC21/slim" xmlns:cinclude="http://apache.org/cocoon/include/1.0" xmlns:zs="http://www.loc.gov/zing/srw/">
  <leader>00437nz  a2200145n  4500</leader>
  <controlfield tag="001">no2008136591</controlfield>
  <controlfield tag="003">DLC</controlfield>
  <controlfield tag="005">20080919082052.0</controlfield>
  <controlfield tag="008">080917n| acannaabn          |a ana     c</controlfield>
  <datafield tag="010" ind1=" " ind2=" ">
    <subfield code="a">no2008136591</subfield>
  </datafield>
  <datafield tag="035" ind1=" " ind2=" ">
    <subfield code="a">(OCoLC)oca07881938</subfield>
  </datafield>
  <datafield tag="040" ind1=" " ind2=" ">
    <subfield code="a">ICIU</subfield>
    <subfield code="b">eng</subfield>
    <subfield code="c">ICIU</subfield>
  </datafield>
  <datafield tag="110" ind1="2" ind2=" ">
    <subfield code="a">Thomas Manss &amp; Company</subfield>
  </datafield>
  <datafield tag="410" ind1="2" ind2=" ">
    <subfield code="a">Thomas Manss and Company</subfield>
  </datafield>
  <datafield tag="670" ind1=" " ind2=" ">
    <subfield code="a">Thomas Manss &amp; Company, 2008: colophon (Thomas Manss &amp; Company, addresses in London and Berlin)</subfield>
  </datafield>
</record>